@article{Yan2019AClassification,
    title = {{A parameter-free cleaning method for SMOTE in imbalanced classification}},
    year = {2019},
    journal = {IEEE Access},
    author = {Yan, Yuanting and Liu, Ruiqing and Ding, Zihan and Du, Xiuquan and Chen, Jie and Zhang, Yanping},
    pages = {23537--23548},
    volume = {7},
    publisher = {Institute of Electrical and Electronics Engineers Inc.},
    doi = {10.1109/ACCESS.2019.2899467},
    issn = {21693536},
    keywords = {Imbalanced data, SMOTE, constructive covering algorithm, data cleaning, oversampling}
}

@inproceedings{He2008ADASYN:Learning,
    title = {{ADASYN: Adaptive synthetic sampling approach for imbalanced learning}},
    year = {2008},
    booktitle = {Proceedings of the International Joint Conference on Neural Networks},
    author = {He, Haibo and Bai, Yang and Garcia, Edwardo A. and Li, Shutao},
    pages = {1322--1328},
    isbn = {9781424418213},
    doi = {10.1109/IJCNN.2008.4633969}
}

@article{Kovacs2019AnDatasets,
    title = {{An empirical comparison and evaluation of minority oversampling techniques on a large number of imbalanced datasets}},
    year = {2019},
    journal = {Applied Soft Computing Journal},
    author = {Kov{\'{a}}cs, György},
    volume = {83},
    doi = {10.1016/j.asoc.2019.105662},
    issn = {15684946}
}

@techreport{Han2005Borderline-SMOTE:Learning,
    title = {{Borderline-SMOTE: A New Over-Sampling Method in Imbalanced Data Sets Learning}},
    year = {2005},
    booktitle = {LNCS},
    author = {Han, Hui and Wang, Wen-Yuan and Mao, Bing-Huan},
    pages = {878--887},
    volume = {3644}
}

@article{Ali2013ClassificationReview,
    title = {{Classification with class imbalance problem: A review Web Personalization using Artificial Immune System View project Parameterized Quantum Operators View project Classification with class imbalance problem: a review}},
    year = {2013},
    journal = {Classification Int. J. Advance Soft Compu. Appl},
    author = {Ali, Aida and Mariyam Shamsuddin, Siti and Ralescu, Anca and Ralescu, Anca L},
    number = {3},
    volume = {5},
    url = {https://www.researchgate.net/publication/288228469},
    issn = {2074-2827},
    keywords = {Big data 2 Classification, Class imbalance problem, Imbalanced classification, Imbalanced data sets}
}

@article{Kamthe2021CopulaGeneration,
    title = {{Copula Flows for Synthetic Data Generation}},
    year = {2021},
    author = {Kamthe, Sanket and Assefa, Samuel and Deisenroth, Marc},
    month = {1},
    url = {http://arxiv.org/abs/2101.00598},
    arxivId = {2101.00598}
}

@article{Horvath2020Copula-BasedData,
    title = {{Copula-Based Anomaly Scoring and Localization for Large-Scale, High-Dimensional Continuous Data}},
    year = {2020},
    journal = {ACM Transactions on Intelligent Systems and Technology},
    author = {Horv{\'{a}}th, Gábor and Kov{\'{a}}cs, Edith and Molontay, Roland and Nov{\'{a}}czki, Szabolcs},
    number = {3},
    volume = {11},
    doi = {10.1145/3372274},
    issn = {21576912}
}

@article{Karia2019GenSample:Datasets,
    title = {{GenSample: A Genetic Algorithm for Oversampling in Imbalanced Datasets}},
    year = {2019},
    author = {Karia, Vishwa and Zhang, Wenhao and Naeim, Arash and Ramezani, Ramin},
    month = {10},
    url = {http://arxiv.org/abs/1910.10806},
    arxivId = {1910.10806}
}

@techreport{Lemaitre2017Imbalanced-learn:Learning,
    title = {{Imbalanced-learn: A Python Toolbox to Tackle the Curse of Imbalanced Datasets in Machine Learning}},
    year = {2017},
    booktitle = {Journal of Machine Learning Research},
    author = {Lema{\{}{\{}{\textbackslash}{\^{}}i{\}}{\}}tre, Guillaume and Nogueira, Fernando and Aridas char, Christos K},
    pages = {1--5},
    volume = {18},
    url = {http://jmlr.org/papers/v18/16-365.html.},
    keywords = {Ensemble Learning, Imbalanced Dataset, Machine Learning, Over-Sampling, Python, Under-Sampling}
}

@book{Fernandez2018LearningSets,
    title = {{Learning from Imbalanced Data Sets}},
    year = {2018},
    author = {Fern{\'{a}}ndez, Alberto and Garc{\'{i}}a, Salvador and Galar, Mikel and Prati, Ronaldo C. and Krawczyk, Bartosz and Herrera, Francisco},
    publisher = {Springer International Publishing},
    address = {Cham},
    isbn = {978-3-319-98073-7},
    doi = {10.1007/978-3-319-98074-4}
}

@techreport{Dong2011LNAISets,
    title = {{LNAI 7091 - A New Over-Sampling Approach: Random-SMOTE for Learning from Imbalanced Data Sets}},
    year = {2011},
    author = {Dong, Yanjie and Wang, Xuehua},
    pages = {343--352},
    keywords = {Imbalanced Data sets, Over-sampling Approach, Random-SMOTE}
}

@article{Camino2020MinorityModels,
    title = {{Minority Class Oversampling for Tabular Data with Deep Generative Models}},
    year = {2020},
    author = {Camino, Ramiro and Hammerschmidt, Christian and State, Radu},
    month = {5},
    url = {http://arxiv.org/abs/2005.03773},
    arxivId = {2005.03773}
}

@misc{Xu2019ModelingGAN,
    title = {{Modeling tabular data using conditional GAN}},
    year = {2019},
    booktitle = {arXiv},
    author = {Xu, Lei and Skoularidou, Maria and Cuesta-Infante, Alfredo and Veeramachaneni, Kalyan},
    issn = {23318422}
}

@inproceedings{Gazzah2008NewSets,
    title = {{New oversampling approaches based on polynomial fitting for imbalanced data sets}},
    year = {2008},
    booktitle = {DAS 2008 - Proceedings of the 8th IAPR International Workshop on Document Analysis Systems},
    author = {Gazzah, Sami and Amara, Najoua Essoukri Ben},
    pages = {677--684},
    isbn = {9780769533377},
    doi = {10.1109/DAS.2008.74}
}

@techreport{CaminoOversamplingEffort,
    title = {{Oversampling Tabular Data with Deep Generative Models: Is it worth the effort?}},
    author = {Camino, Ramiro D and State, Radu and Hammerschmidt, Christian A},
    url = {http://archive.ics.uci.edu/ml/datasets/adult}
}

@techreport{Fernandez2018SMOTEAnniversary,
    title = {{SMOTE for Learning from Imbalanced Data: Progress and Challenges, Marking the 15-year Anniversary}},
    year = {2018},
    booktitle = {Journal of Artificial Intelligence Research},
    author = {Fern{\'{a}}ndez, Alberto and Garc{\'{i}}a, Salvador and Herrera, Francisco and Chawla, Nitesh V},
    pages = {863--905},
    volume = {61}
}

@article{Chawla2002SMOTE:Technique,
    title = {{SMOTE: Synthetic Minority Over-sampling Technique}},
    year = {2002},
    journal = {Journal of Artificial Intelligence Research},
    author = {Chawla, N. V. and Bowyer, K. W. and Hall, L. O. and Kegelmeyer, W. P.},
    month = {6},
    volume = {16},
    doi = {10.1613/jair.953},
    issn = {1076-9757}
}

@inproceedings{Hu2018TheData,
    title = {{The quasi-multinomial synthesizer for categorical data}},
    year = {2018},
    booktitle = {Lecture Notes in Computer Science (including subseries Lecture Notes in Artificial Intelligence and Lecture Notes in Bioinformatics)},
    author = {Hu, Jingchen and Hoshino, Nobuaki},
    volume = {11126 LNCS},
    doi = {10.1007/978-3-319-99771-1{\_}6},
    issn = {16113349}
}

@inproceedings{Patki2016TheVault,
    title = {{The synthetic data vault}},
    year = {2016},
    booktitle = {Proceedings - 3rd IEEE International Conference on Data Science and Advanced Analytics, DSAA 2016},
    author = {Patki, Neha and Wedge, Roy and Veeramachaneni, Kalyan},
    doi = {10.1109/DSAA.2016.49}
}

@article{Arjovsky2017TowardsNetworks,
    title = {{Towards Principled Methods for Training Generative Adversarial Networks}},
    year = {2017},
    author = {Arjovsky, Martin and Bottou, Léon},
    month = {1},
    url = {http://arxiv.org/abs/1701.04862},
    arxivId = {1701.04862}
}

@misc{Dua2017UCIRepository,
    title = {{UCI Machine Learning Repository}},
    year = {2017},
    booktitle = {University of California, Irvine, School of Information and Computer Sciences},
    author = {Dua, Dheeru and Graff, Casey},
    url = {http://archive.ics.uci.edu/m},
    arxivId = {https://archive.ics.uci.edu/ml/index.php}
}

@inproceedings{Wong2016UnderstandingWarp,
    title = {{Understanding Data Augmentation for Classification: When to Warp?}},
    year = {2016},
    booktitle = {2016 International Conference on Digital Image Computing: Techniques and Applications, DICTA 2016},
    author = {Wong, Sebastien C. and Gatt, Adam and Stamatescu, Victor and McDonnell, Mark D.},
    doi = {10.1109/DICTA.2016.7797091}
}

@misc{Fajardo2018VOS:Data,
    title = {{VOS: A method for variational oversampling of imbalanced data}},
    year = {2018},
    booktitle = {arXiv},
    author = {Fajardo, Val Andrei and Findlay, David and Houmanfar, Roshanak and Jaiswal, Charu and Liang, Jiaxi and Xie, Honglei},
    issn = {23318422}
}